@article{n1,
  title={Image information systems: where do we go from here?},
  author={Chang, S-K and Hsu, Arding},
  journal={IEEE transactions on Knowledge and Data Engineering},
  volume={4},
  number={5},
  pages={431--442},
  year={1992},
  publisher={IEEE Educational Activities Department}
}
@article{n2,
  title={Image database systems: A survey},
  author={Tamura, Hideyuki and Yokoya, Naokazu},
  journal={Pattern recognition},
  volume={17},
  number={1},
  pages={29--43},
  year={1984},
  publisher={Elsevier}
}
@inproceedings{n3,
  title={Content based image retrieval systems},
  author={Zachary, JM and Iyengar, Sitharama S},
  booktitle={Application-Specific Systems and Software Engineering and Technology, 1999. ASSET'99. Proceedings. 1999 IEEE Symposium on},
  pages={136--143},
  year={1999},
  organization={IEEE}
}
@article{n4,
  title={Image information retrieval: An overview of current research},
  author={Goodrum, Abby A},
  journal={Informing Science},
  volume={3},
  number={2},
  pages={63--66},
  year={2000},
  publisher={Informing Science Institute}
}
@article{n5,
  title={Content-based image retrieval at the end of the early years},
  author={Smeulders, Arnold WM and Worring, Marcel and Santini, Simone and Gupta, Amarnath and Jain, Ramesh},
  journal={IEEE Transactions on pattern analysis and machine intelligence},
  volume={22},
  number={12},
  pages={1349--1380},
  year={2000},
  publisher={IEEE}
}
@article{n6,
  title={Efficient and effective querying by image content},
  author={Faloutsos, Christos and Barber, Ron and Flickner, Myron and Hafner, Jim and Niblack, Wayne and Petkovic, Dragutin and Equitz, William},
  journal={Journal of intelligent information systems},
  volume={3},
  number={3-4},
  pages={231--262},
  year={1994},
  publisher={Springer}
}
@article{n7,
  title={Multimedia Information retrieval and Management},
  author={Fuhui, L and Hongjiang, Z and David, DF},
  year={2003}
}
@inproceedings{n8,
  title={Image retrieval: Past, present, and future},
  author={Huang, T and Rui, Yong and Chang, Shinh-Fu},
  booktitle={International Symposium on Multimedia Information Processing},
  volume={108},
  year={1997}
}
@misc{n9,
  title={Image indexing using color correlograms},
  author={Huang, Jing and Kumar, Shanmugasundaram Ravi and Mitra, Mandar and Zhu, Wei-Jing},
  year={2001},
  month=jun # "~12",
  publisher={Google Patents},
  note={US Patent 6,246,790}
}
@article{n10,
  title={Visual pattern recognition by moment invariants},
  author={Hu, Ming-Kuei},
  journal={IRE transactions on information theory},
  volume={8},
  number={2},
  pages={179--187},
  year={1962},
  publisher={IEEE}
}
@misc{n11,
  howpublished = {\url{http://wang1.ist.psu.edu/}}
}
@misc{n12,
  howpublished = {\url{http://sipi.usc.edu/database/
}}
}
@misc{n13,
  howpublished = {\url{ http://vasc.ri.cmu.edu/idb/
}}
}
@misc{n14,
  howpublished = {\url{http://pics.psych.stir.ac.uk/
}}
}
@misc{n15,
  howpublished = {\url{http://www.chemtrailcentral.com/forum/album.php}}
}